@article{oliveira2019,
  title={The Southern Photometric Local Universe Survey (S-PLUS): improved SEDs, morphologies, and redshifts with 12 optical filters},
  author={C. M. de Oliveira and others},
  year={2019},
  month={08}
}

@article{Wolpert1992,
  title = {Stacked generalization},
  year = {1992},
  author = {D. H. Wolpert}
}

@article{hart2016,
author = {Hart, Ross E. and others},
title = "{Galaxy Zoo: comparing the demographics of spiral arm number and a new method for correcting redshift bias}",
year = {2016},
month = {07},
}

@article{hubble1926,
author = {{Hubble}, E.~P.},
title = "{Extragalactic nebulae}",
year = "1926",
month = "Dec",
}