@misc{buta2011galaxy,
  title={Galaxy Morphology},
  author={Ronald J. Buta},
  year={2011},
  eprint={1102.0550},
  archivePrefix={arXiv},
  primaryClass={astro-ph.CO}
}

@article{hubble1926,
author = {{Hubble}, E.~P.},
title = "{Extragalactic nebulae.}",
journal = {Astrophysical Journal},
year = "1926",
month = "Dec",
volume = {64},
pages = {321-369},
doi = {10.1086/143018},
adsurl = {https://ui.adsabs.harvard.edu/abs/1926ApJ....64..321H},
adsnote = {Provided by the SAO/NASA Astrophysics Data System}
}
@article{coe2012clash,
  title={CLASH: precise new constraints on the mass profile of the galaxy cluster A2261},
  author={Coe, Dan and Umetsu, Keiichi and Zitrin, Adi and Donahue, Megan and Medezinski, Elinor and Postman, Marc and Carrasco, Mauricio and Anguita, Timo and Geller, Margaret J and Rines, Kenneth J and others},
  journal={The Astrophysical Journal},
  volume={757},
  number={1},
  pages={22},
  year={2012},
  publisher={IOP Publishing}
}
@article{ILSVRC15,
  Author = {Olga Russakovsky and Jia Deng and Hao Su and Jonathan Krause and Sanjeev Satheesh and Sean Ma and Zhiheng Huang and Andrej Karpathy and Aditya Khosla and Michael Bernstein and Alexander C. Berg and Li Fei-Fei},
  Title = {{ImageNet Large Scale Visual Recognition Challenge}},
  Year = {2015},
  journal   = {International Journal of Computer Vision (IJCV)},
  doi = {10.1007/s11263-015-0816-y},
  volume={115},
  number={3},
  pages={211-252}
}

@article{yamauchi2005,
  title={Morphological Classification of Galaxies Using Photometric Parameters: The Concentration Index versus the Coarseness Parameter},
  volume={130},
  ISSN={1538-3881},
  url={http://dx.doi.org/10.1086/444416},
  DOI={10.1086/444416},
  number={4},
  journal={The Astronomical Journal},
  publisher={IOP Publishing},
  author={Yamauchi, Chisato and Ichikawa, Shin-ichi and Doi, Mamoru and others},
  year={2005},
  month={Oct},
  pages={1545â€“1557}
}

@inbook{fortson2012,
author = {{Fortson}, Lucy and {Masters}, Karen and {Nichol}, Robert and
    others},
title = "{Galaxy Zoo: Morphological Classification and Citizen Science}",
keywords = {Astrophysics - Instrumentation and Methods for Astrophysics, Astrophysics - Cosmology and Extragalactic Astrophysics},
booktitle = {Advances in Machine Learning and Data Mining for Astronomy, CRC Press, Taylor \& Francis Group, Eds.: Michael J. Way, Jeffrey D. Scargle, Kamal M. Ali, Ashok N. Srivastava, p. 213-236},
year = "2012",
editor = {{Way}, Michael J. and {Scargle}, Jeffrey D. and {Ali}, Kamal M. and
      {Srivastava}, Ashok N.},
pages = {213-236},
adsurl = {https://ui.adsabs.harvard.edu/abs/2012amld.book..213F},
adsnote = {Provided by the SAO/NASA Astrophysics Data System}
}

@article{hart2016,
author = {Hart, Ross E. and Bamford, Steven P. and Willett, Kyle W. and others},
title = "{Galaxy Zoo: comparing the demographics of spiral arm number and a new method for correcting redshift bias}",
journal = {Monthly Notices of the Royal Astronomical Society},
volume = {461},
number = {4},
pages = {3663-3682},
year = {2016},
month = {07},
issn = {0035-8711},
doi = {10.1093/mnras/stw1588},
url = {https://doi.org/10.1093/mnras/stw1588},
eprint = {https://academic.oup.com/mnras/article-pdf/461/4/3663/8112546/stw1588.pdf},
}

@article{barchi2020,
  title={Machine and Deep Learning applied to galaxy morphology - A comparative study},
  volume={30},
  ISSN={2213-1337},
  url={http://dx.doi.org/10.1016/j.ascom.2019.100334},
  DOI={10.1016/j.ascom.2019.100334},
  journal={Astronomy and Computing},
  publisher={Elsevier BV},
  author={Barchi, P.H. and de Carvalho, R.R. and Rosa, R.R. and others},
  year={2020},
  month={Jan},
  pages={100334}
}
